
@misc{schroder_container-virtualisierung_2014,
	title = {Container-Virtualisierung mit Docker},
	url = {http://media.itm.uni-luebeck.de/teaching/ws2013/sem-cloud-computing/Container-Virtualisierung_mit_Docker.pdf},
	author = {Schröder, Christoph},
	month = apr,
	year = {2014}
}

@misc{alexander_holbreich_14._marz_2014_at_12:56_-_antworten_von_????,
	title = {Von starken Hafenarbeitern und leichten Containern},
	url = {http://www.holisticon.de/2014/03/von-starken-hafenarbeitern-und-leichten-containern/},
	abstract = {Infrastructure as Code ({IaC)} ist ein mächtiges Werkzeug, das im Rahmen der {DevOps-Bewegung} die Entwicklung und den Betrieb näher zusammenbringt. Es ermöglicht vor allem das automatisierte Aufsetzen von Laufzeitumgebungen – von der Entwicklungs- bis hin zur Produktionsumgebung. Häufig werden bei der Umsetzung von {IaC} Virtuelle Maschinen und Werkzeuge wie Chef, Puppet und Vagrant zu deren Provis ...},
	urldate = {2014-04-10},
	journal = {Holisticon},
	author = {Alexander Holbreich 14. März 2014 at 12:56 - Antworten},
	file = {Snapshot:C:\Users\Matthias\AppData\Roaming\Mozilla\Firefox\Profiles\8mdn3ouj.default\zotero\storage\XN9H3XCA\von-starken-hafenarbeitern-und-leichten-containern.html:text/html}
}

@misc{developer_anwendungen_????,
	title = {Anwendungen mit Docker transportabel machen},
	url = {http://www.heise.de/developer/artikel/Anwendungen-mit-Docker-transportabel-machen-2127220.html?artikelseite=2},
	abstract = {Jede Anwendung hat Abhängigkeiten. Die Palette reicht von der Konfiguration des lokalen Betriebssystems bis zur Integration von Netzwerk- und Webdiensten. Das erschwert das Verteilen von Anwendungen auf unterschiedliche Systeme. Das Open-Source-Werkzeug Docker verspricht Abhilfe.},
	urldate = {2014-04-10},
	journal = {heise Developer},
	author = {Developer, heise},
	note = {Jede Anwendung hat Abhängigkeiten. Die Palette reicht von der Konfiguration des lokalen Betriebssystems bis zur Integration von Netzwerk- und Webdiensten. Das erschwert das Verteilen von Anwendungen auf unterschiedliche Systeme. Das Open-Source-Werkzeug Docker verspricht Abhilfe.},
	keywords = {Container, docker},
	file = {Snapshot:C:\Users\Matthias\AppData\Roaming\Mozilla\Firefox\Profiles\8mdn3ouj.default\zotero\storage\EZGS945V\Anwendungen-mit-Docker-transportabel-machen-2127220.html:text/html}
}

@misc{hykes_introduction_2013,
	title = {Introduction to Docker},
	url = {http://www.youtube.com/watch?v=Q5POuMHxW-0&feature=youtube_gdata_player},
	abstract = {{dotCloud} founder and {CTO} Solomon Hykes recently stopped by Twitter {HQ} to show us Docker, an open source project designed to easily create lightweight, portable, self-sufficient containers from any application.

Common use cases for Docker include:

* Automating the packaging and deployment of applications
* Creation of lightweight, private {PAAS} environments
* Automated testing and continuous integration/deployment
* Deploying and scaling web apps, databases and backend services

Check out docker.io for all the official goodies, and follow Solomon at http://twitter.com/solomonstre},
	urldate = {2014-04-11},
	author = {Hykes, Solomon},
	month = oct,
	year = {2013}
}

@misc{petazzoni_containers_2014,
	title = {Containers \& Docker: How Secure Are They?},
	url = {http://blog.docker.io/2013/08/containers-docker-how-secure-are-they/},
	abstract = {This post reviews the various security implications of using Docker to run applications within containers, and how to address them.},
	journal = {http://blog.docker.io},
	author = {Petazzoni, Jérôme},
	month = apr,
	year = {2014}
}

@misc{_docker_????,
	title = {Docker and the Future of the {PaaS} Layer},
	url = {http://blog.appfog.com/docker-and-the-future-of-the-paas-layer/},
	urldate = {2014-04-14},
	journal = {{AppFog} Blog},
	file = {Snapshot:C:\Users\Matthias\AppData\Roaming\Mozilla\Firefox\Profiles\8mdn3ouj.default\zotero\storage\UXM75SUV\docker-and-the-future-of-the-paas-layer.html:text/html}
}

@misc{_lxc_2014,
	title = {{LXC} - Linux Containers},
	url = {https://linuxcontainers.org/},
	journal = {Userspace tools for the Linux kernel containers},
	month = apr,
	year = {2014}
}

@book{meinel_virtualisierung_2011,
	title = {Virtualisierung und Cloud Computing: Konzepte, Technologiestudie, Marktübersicht},
	isbn = {9783869561134},
	shorttitle = {Virtualisierung und Cloud Computing},
	language = {de},
	publisher = {Universitätsverlag Potsdam},
	author = {Meinel, Christoph and Willems, Christian and Roschke, Sebastian and Maxim, Schnjakin},
	year = {2011},
	keywords = {Iaas, Paas, Saas}
}

@misc{frank_balmes_grin_????,
	title = {{GRIN} - Server-Virtualisierung und Konsolidierung im Rechenzentrumsbetrieb},
	url = {http://www.grin.com/de/e-book/94412/server-virtualisierung-und-konsolidierung-im-rechenzentrumsbetrieb},
	abstract = {Server-Virtualisierung und Konsolidierung im Rechenzentrumsbetrieb - Dargestellt am Beispiel des praktischen Einsatzes von {VMware} im Rechenzentrum des Universitätsklinikums Bonn - Frank Balmes - Diplomarbeit - Informatik - Angewandte Informatik - Informatik - Angewandte Informatik - Arbeiten publizieren: Bachelorarbeit, Masterarbeit, Hausarbeit oder Dissertation},
	urldate = {2014-04-21},
	author = {{Frank Balmes}},
	keywords = {anforderungen, beruecksichtigung, datenschutz, datensicherheit, Diplomarbeit, konsolidierung, kosten, rechenzentrumsbetrieb, server virtualisierung, verfuegbarkeit},
	file = {Snapshot:C:\Users\Matthias\AppData\Roaming\Mozilla\Firefox\Profiles\8mdn3ouj.default\zotero\storage\V87HQX68\server-virtualisierung-und-konsolidierung-im-rechenzentrumsbetrieb.html:text/html}
}

@book{plotner_linux_2012,
	edition = {5},
	series = {Galileo Computing},
	title = {Linux},
	isbn = {978-3-8362-1822-1},
	url = {http://openbook.galileocomputing.de/linux/},
	abstract = {Dieses umfassende Handbuch bietet Ihnen nahezu vollständiges Linux-Wissen. Es erklärt, wie man Linux als leistungsstarke Workstation nutzen kann und widmet sich ausführlich professionelleren Themen wie Administration des Systems, Shell, Netzwerkkonfiguration und Sicherheit. Das Buch ist geeignet für Nutzer aller gängigen Linux-Distributionen. Die beiliegenden Multiboot-{DVDs} enthalten eine große Auswahl an Linux-Systemen.
Das Buch ist konsequent praxisnah geschrieben, immer verständlich und sehr gründlich in der Behandlung aller Themen. Diese 5. Auflage wurde umfassend aktualisiert und verbessert. Sowohl Einsteiger als auch Profis werden von diesem kompetenten Handbuch profitieren.
Nutzen Sie die {HTML-Version} (inkl. Syntax-Highlighting) zum Reinschnuppern oder als immer verfügbare Ergänzung zu Ihrem Buch.},
	author = {Plötner, Johannes and Wendzel, Steffen},
	year = {2012}
}

@misc{fischer_linux_2014,
	title = {Linux Containers {LXC}},
	url = {http://www.thomas-krenn.com/de/wiki/Linux_Containers_LXC},
	journal = {{TK} Server},
	author = {Fischer, Werner},
	month = apr,
	year = {2014}
}

@misc{docker_docker_????,
	type = {Technology},
	title = {Docker introduction},
	copyright = {© All Rights Reserved},
	url = {http://www.slideshare.net/dotCloud/docker-intro-november?ref=https://www.docker.io/learn_more/},
	abstract = {Docker introduction {\textbar} November 2013},
	urldate = {2014-04-22},
	author = {Docker}
}

@misc{kepes_understanding_????,
	title = {Understanding the Cloud Computing Stack: {SaaS}, {PaaS}, {IaaS}},
	shorttitle = {Understanding the Cloud Computing Stack},
	url = {http://www.rackspace.com/knowledge_center/whitepaper/understanding-the-cloud-computing-stack-saas-paas-iaas},
	urldate = {2014-04-25},
	author = {Kepes, Ben},
	keywords = {bild, Iaas, Paas, Saas},
	file = {Snapshot:C:\Users\Matthias\AppData\Roaming\Mozilla\Firefox\Profiles\8mdn3ouj.default\zotero\storage\X6KPG4KW\understanding-the-cloud-computing-stack-saas-paas-iaas.html:text/html}
}

@misc{sommergut_faq_2014,
	title = {{FAQ} Cloud Computing: Was Sie über die Cloud wissen müssen},
	shorttitle = {{FAQ} Cloud Computing},
	url = {http://www.computerwoche.de/a/was-sie-ueber-die-cloud-wissen-muessen,2504589},
	abstract = {Private Cloud, Personal Cloud, Public Cloud. Was steckt wirklich hinter den Begriffen rund um die Cloud? Unsere {FAQ} gibt die Antworten. - Seite 2},
	urldate = {2014-04-25},
	author = {Sommergut, Wolfgang},
	month = feb,
	year = {2014},
	keywords = {Cloud, Cloud Services, Private Cloud, Provider, Seite 2, Service},
	file = {Snapshot:C:\Users\Matthias\AppData\Roaming\Mozilla\Firefox\Profiles\8mdn3ouj.default\zotero\storage\G2UCJVWG\was-sie-ueber-die-cloud-wissen-muessen,2504589,2.html:text/html}
}

@misc{_service_????,
	title = {Service Model Structures: The Ultimate Survival Guide},
	shorttitle = {Service Model Structures},
	url = {http://www.inetu.net/about/server-smarts-blog/february-2014/service-model-structures-the-ultimate-survival-gui},
	abstract = {Software as a Service ({SaaS)} vs. Platform as a Service ({PaaS)} vs. Infrastructure as a Service ({IaaS)}},
	urldate = {2014-04-25},
	journal = {{INetU}},
	file = {Snapshot:C:\Users\Matthias\AppData\Roaming\Mozilla\Firefox\Profiles\8mdn3ouj.default\zotero\storage\29S34KNJ\service-model-structures-the-ultimate-survival-gui.html:text/html}
}

@misc{_service_????-1,
	title = {Service Model Structures: The Ultimate Survival Guide},
	shorttitle = {Service Model Structures},
	url = {http://www.inetu.net/about/server-smarts-blog/february-2014/service-model-structures-the-ultimate-survival-gui},
	abstract = {Software as a Service ({SaaS)} vs. Platform as a Service ({PaaS)} vs. Infrastructure as a Service ({IaaS)}},
	urldate = {2014-04-25},
	journal = {{INetU}},
	file = {Snapshot:C:\Users\Matthias\AppData\Roaming\Mozilla\Firefox\Profiles\8mdn3ouj.default\zotero\storage\ZPAP78FV\service-model-structures-the-ultimate-survival-gui.html:text/html}
}

@misc{abel_docker:_2013,
	title = {Docker: Automated and Consistent Software Deployments},
	shorttitle = {Docker},
	url = {http://www.infoq.com/news/2013/03/Docker},
	abstract = {{dotCloud}, a {PaaS} provider, has open sourced Docker, a key component of their platform. Docker is a {LinuX} Container ({LXC)} technology augmented with a a high level {API} providing a lightweight virtualization solution that runs Unix processes in isolation. It provides a way to automate software deployment in a secure and repeatable environment.},
	urldate = {2014-04-27},
	author = {Abel, Avram},
	month = mar,
	year = {2013},
	keywords = {Agile, Agile Techniques, Automation, Cloud Computing, Continuous Delivery, Continuous Deployment, Devops, docker, Eigenschften, {IaaS}, Infrastructure, {IT} Service Management, Linux, Operating Systems, Operations \& Infrastructure, Testing, Virtualization},
	file = {Snapshot:C:\Users\Matthias\AppData\Roaming\Mozilla\Firefox\Profiles\8mdn3ouj.default\zotero\storage\BI69JMJ4\Docker.html:text/html}
}

@misc{github_dotcloud/docker_2013,
	title = {dotcloud/docker},
	url = {https://github.com/dotcloud/docker},
	abstract = {docker - Docker - the open-source application container engine},
	urldate = {2014-04-27},
	journal = {{GitHub}},
	author = {{{GitHub}}},
	year = {2013},
	file = {Snapshot:C:\Users\Matthias\AppData\Roaming\Mozilla\Firefox\Profiles\8mdn3ouj.default\zotero\storage\TDCH2PKJ\docker.html:text/html}
}